@article{goswamiDSEAMSDeferredStructural2020,
  title = {D-{{SEAMS}}: {{Deferred Structural Elucidation Analysis}} for {{Molecular Simulations}}},
  shorttitle = {D-{{SEAMS}}},
  author = {Goswami, Rohit and Goswami, Amrita and Singh, Jayant K.},
  date = {2020-04-27},
  journaltitle = {Journal of Chemical Information and Modeling},
  shortjournal = {J. Chem. Inf. Model.},
  volume = {60},
  pages = {2169--2177},
  publisher = {{American Chemical Society}},
  issn = {1549-9596, 1549-960X},
  doi = {10.1021/acs.jcim.0c00031},
  archiveprefix = {arXiv},
  langid = {english},
  number = {4}
}
