@article{akinObjectOrientedProgramming1999,
  title = {Object {{Oriented Programming}} via {{Fortran}} 90},
  author = {Akin, J E},
  date = {1999},
  journaltitle = {Object Oriented Programming via Fortran},
  pages = {23},
  langid = {english}
}

@incollection{andersenMosekInteriorPoint2000,
  title = {The {{Mosek Interior Point Optimizer}} for {{Linear Programming}}: {{An Implementation}} of the {{Homogeneous Algorithm}}},
  shorttitle = {The {{Mosek Interior Point Optimizer}} for {{Linear Programming}}},
  booktitle = {High {{Performance Optimization}}},
  author = {Andersen, Erling D. and Andersen, Knud D.},
  editor = {Frenk, Hans and Roos, Kees and Terlaky, Tamás and Zhang, Shuzhong},
  date = {2000},
  series = {Applied {{Optimization}}},
  pages = {197--232},
  publisher = {{Springer US}},
  location = {{Boston, MA}},
  doi = {10.1007/978-1-4757-3216-0_8},
  url = {https://doi.org/10.1007/978-1-4757-3216-0_8},
  urldate = {2023-08-19},
  isbn = {978-1-4757-3216-0},
  langid = {english}
}

@article{andersenPresolvingLinearProgramming1995,
  title = {Presolving in Linear Programming},
  author = {Andersen, Erling D. and Andersen, Knud D.},
  date = {1995-12-01},
  journaltitle = {Mathematical Programming},
  shortjournal = {Mathematical Programming},
  volume = {71},
  number = {2},
  pages = {221--245},
  publisher = {{Springer-Verlag}},
  issn = {1436-4646},
  doi = {10.1007/BF01586000},
  url = {https://link.springer.com/article/10.1007/BF01586000},
  urldate = {2023-08-19},
  issue = {2},
  langid = {english}
}

@article{baderFortranBindingGNU2007,
  title = {A {{Fortran}} Binding for the {{GNU}} Scientific Library},
  author = {Bader, Reinhold},
  date = {2007-08-01},
  journaltitle = {ACM SIGPLAN Fortran Forum},
  shortjournal = {SIGPLAN Fortran Forum},
  volume = {26},
  number = {2},
  pages = {4--11},
  issn = {1061-7264},
  doi = {10.1145/1279941.1279942},
  url = {https://doi.org/10.1145/1279941.1279942},
  urldate = {2021-10-01}
}

@article{barrettVirtualMachineWarmup2017,
  title = {Virtual {{Machine Warmup Blows Hot}} and {{Cold}}},
  author = {Barrett, Edd and Bolz-Tereick, Carl Friedrich and Killick, Rebecca and Mount, Sarah and Tratt, Laurence},
  date = {2017-10-12},
  journaltitle = {Proceedings of the ACM on Programming Languages},
  shortjournal = {Proc. ACM Program. Lang.},
  volume = {1},
  eprint = {1602.00602},
  eprinttype = {arxiv},
  eprintclass = {cs},
  pages = {1--27},
  issn = {2475-1421},
  doi = {10.1145/3133876},
  url = {http://arxiv.org/abs/1602.00602},
  urldate = {2023-02-26},
  issue = {OOPSLA}
}

@article{baydinAutomaticDifferentiationMachine2017,
  title = {Automatic Differentiation in Machine Learning: A Survey},
  shorttitle = {Automatic Differentiation in Machine Learning},
  author = {Baydin, Atılım Günes and Pearlmutter, Barak A. and Radul, Alexey Andreyevich and Siskind, Jeffrey Mark},
  date = {2017-01-01},
  journaltitle = {The Journal of Machine Learning Research},
  shortjournal = {J. Mach. Learn. Res.},
  volume = {18},
  number = {1},
  pages = {5595--5637},
  issn = {1532-4435}
}

@online{bergerScaleneScriptingLanguageAware2020,
  title = {Scalene: {{Scripting-Language Aware Profiling}} for {{Python}}},
  shorttitle = {Scalene},
  author = {Berger, Emery D.},
  date = {2020-07-25},
  eprint = {2006.03879},
  eprinttype = {arxiv},
  eprintclass = {cs},
  url = {http://arxiv.org/abs/2006.03879},
  urldate = {2022-12-04},
  pubstate = {preprint}
}

@article{berlandAutomaticDifferentiationa,
  title = {Automatic Differentiation},
  author = {Berland, Håvard},
  pages = {22},
  langid = {english}
}

@online{certikHighorderFiniteElement2023,
  title = {High-Order Finite Element Method for Atomic Structure Calculations},
  author = {Čertík, Ondřej and Pask, John E. and Fernando, Isuru and Goswami, Rohit and Sukumar, N. and Collins, Lee A. and Manzini, Gianmarco and Vackář, Jiří},
  date = {2023-07-11},
  eprint = {2307.05856},
  eprinttype = {arxiv},
  eprintclass = {physics},
  doi = {10.48550/arXiv.2307.05856},
  url = {http://arxiv.org/abs/2307.05856},
  urldate = {2023-07-29},
  pubstate = {preprint}
}

@article{chouFormatAbstractionSparse2018a,
  title = {Format Abstraction for Sparse Tensor Algebra Compilers},
  author = {Chou, Stephen and Kjolstad, Fredrik and Amarasinghe, Saman},
  date = {2018-10-24},
  journaltitle = {Proceedings of the ACM on Programming Languages},
  shortjournal = {Proc. ACM Program. Lang.},
  volume = {2},
  pages = {1--30},
  issn = {2475-1421},
  doi = {10.1145/3276493},
  url = {https://dl.acm.org/doi/10.1145/3276493},
  urldate = {2022-02-22},
  issue = {OOPSLA},
  langid = {english}
}

@article{decykHowSupportInheritance1998,
  title = {How to Support Inheritance and Run-Time Polymorphism in {{Fortran}} 90},
  author = {Decyk, Viktor K. and Norton, Charles D. and Szymanski, Boleslaw K.},
  date = {1998-12},
  journaltitle = {Computer Physics Communications},
  shortjournal = {Computer Physics Communications},
  volume = {115},
  number = {1},
  pages = {9--17},
  issn = {00104655},
  doi = {10.1016/S0010-4655(98)00101-5},
  url = {https://linkinghub.elsevier.com/retrieve/pii/S0010465598001015},
  urldate = {2021-09-24},
  langid = {english}
}

@article{decykMethodPassingData2008,
  title = {A Method for Passing Data between {{C}} and {{Opaque Fortran}} 90 Pointers},
  author = {Decyk, Viktor K.},
  date = {2008-08},
  journaltitle = {ACM SIGPLAN Fortran Forum},
  shortjournal = {SIGPLAN Fortran Forum},
  volume = {27},
  number = {2},
  pages = {2--7},
  issn = {1061-7264, 1931-1311},
  doi = {10.1145/1408643.1408644},
  url = {https://dl.acm.org/doi/10.1145/1408643.1408644},
  urldate = {2021-10-01},
  langid = {english}
}

@unpublished{elliottSimpleEssenceAutomatic2018,
  title = {The Simple Essence of Automatic Differentiation},
  author = {Elliott, Conal},
  date = {2018-10-02},
  eprint = {1804.00746},
  eprinttype = {arxiv},
  eprintclass = {cs},
  url = {http://arxiv.org/abs/1804.00746},
  urldate = {2022-03-21}
}

@article{epperlyHighperformanceLanguageInteroperability2012,
  title = {High-Performance Language Interoperability for Scientific Computing through {{Babel}}},
  author = {Epperly, Thomas GW and Kumfert, Gary and Dahlgren, Tamara and Ebner, Dietmar and Leek, Jim and Prantl, Adrian and Kohn, Scott},
  date = {2012-08-01},
  journaltitle = {The International Journal of High Performance Computing Applications},
  shortjournal = {The International Journal of High Performance Computing Applications},
  volume = {26},
  number = {3},
  pages = {260--274},
  publisher = {{SAGE Publications Ltd STM}},
  issn = {1094-3420},
  doi = {10.1177/1094342011414036},
  url = {https://doi.org/10.1177/1094342011414036},
  urldate = {2021-10-01},
  langid = {english}
}

@book{frenkHighPerformanceOptimization2000,
  title = {High {{Performance Optimization}}},
  editor = {Frenk, Hans and Roos, Kees and Terlaky, Tamás and Zhang, Shuzhong},
  editorb = {Pardalos, Panos M. and Hearn, Donald},
  editorbtype = {redactor},
  date = {2000},
  series = {Applied {{Optimization}}},
  volume = {33},
  publisher = {{Springer US}},
  location = {{Boston, MA}},
  doi = {10.1007/978-1-4757-3216-0},
  url = {http://link.springer.com/10.1007/978-1-4757-3216-0},
  urldate = {2023-08-19},
  isbn = {978-1-4419-4819-9 978-1-4757-3216-0},
  langid = {english}
}

@article{friedrichComplexityPenalizedMEstimation2008,
  title = {Complexity {{Penalized M-Estimation}}: {{Fast Computation}}},
  author = {Friedrich, F. and Kempe, A. and Liebscher, V. and Winkler, G.},
  date = {2008},
  journaltitle = {Journal of Computational and Graphical Statistics},
  volume = {17},
  number = {1},
  eprint = {27594299},
  eprinttype = {jstor},
  pages = {201--224},
  doi = {10.1198/106186008X285591},
  url = {http://www.jstor.org/stable/27594299},
  langid = {english}
}

@article{FutureFortran,
  title = {The {{Future}} of {{Fortran}}},
  journaltitle = {Computing in Science and Engineering},
  url = {https://dlnext.acm.org/doi/abs/10.1109/MCISE.2003.1208645},
  urldate = {2022-03-19},
  langid = {english}
}

@article{gilesExtendedCollectionMatrix,
  title = {An Extended Collection of Matrix Derivative Results for Forward and Reverse Mode Algorithmic Differentiation},
  author = {Giles, Mike},
  pages = {23},
  langid = {english}
}

@article{goswamiWailordParsersReproducibility2022,
  title = {Wailord: {{Parsers}} and {{Reproducibility}} for {{Quantum Chemistry}}},
  shorttitle = {Wailord},
  author = {Goswami, Rohit},
  date = {2022},
  journaltitle = {Proceedings of the 21st Python in Science Conference},
  pages = {193--197},
  doi = {10.25080/majora-212e5952-021},
  url = {https://conference.scipy.org/proceedings/scipy2022/rohit_goswami_wailord.html},
  urldate = {2022-07-14},
  eventtitle = {Proceedings of the 21st {{Python}} in {{Science Conference}}}
}

@article{grayShadowobjectInterfaceFortran1999,
  title = {Shadow-Object Interface between {{Fortran}} 95 and {{C}}++},
  author = {Gray, M.G. and Roberts, R.M. and Evans, T.M.},
  date = {1999-03},
  journaltitle = {Computing in Science Engineering},
  volume = {1},
  number = {2},
  pages = {63--70},
  issn = {1558-366X},
  doi = {10.1109/5992.753048},
  eventtitle = {Computing in {{Science Engineering}}}
}

@article{halkoFindingStructureRandomness2011,
  title = {Finding {{Structure}} with {{Randomness}}: {{Probabilistic Algorithms}} for {{Constructing Approximate Matrix Decompositions}}},
  shorttitle = {Finding {{Structure}} with {{Randomness}}},
  author = {Halko, N. and Martinsson, P. G. and Tropp, J. A.},
  date = {2011-01},
  journaltitle = {SIAM Review},
  shortjournal = {SIAM Rev.},
  volume = {53},
  number = {2},
  pages = {217--288},
  issn = {0036-1445, 1095-7200},
  doi = {10.1137/090771806},
  url = {http://epubs.siam.org/doi/10.1137/090771806},
  urldate = {2022-01-17},
  langid = {english}
}

@article{harrisArrayProgrammingNumPy2020,
  title = {Array Programming with {{NumPy}}},
  author = {Harris, Charles R. and Millman, K. Jarrod and family=Walt, given=Stéfan J., prefix=van der, useprefix=true and Gommers, Ralf and Virtanen, Pauli and Cournapeau, David and Wieser, Eric and Taylor, Julian and Berg, Sebastian and Smith, Nathaniel J. and Kern, Robert and Picus, Matti and Hoyer, Stephan and family=Kerkwijk, given=Marten H., prefix=van, useprefix=true and Brett, Matthew and Haldane, Allan and family=Río, given=Jaime Fernández, prefix=del, useprefix=true and Wiebe, Mark and Peterson, Pearu and Gérard-Marchant, Pierre and Sheppard, Kevin and Reddy, Tyler and Weckesser, Warren and Abbasi, Hameer and Gohlke, Christoph and Oliphant, Travis E.},
  date = {2020-09},
  journaltitle = {Nature},
  volume = {585},
  number = {7825},
  pages = {357--362},
  publisher = {{Nature Publishing Group}},
  issn = {1476-4687},
  doi = {10.1038/s41586-020-2649-2},
  url = {https://www.nature.com/articles/s41586-020-2649-2},
  urldate = {2021-07-13},
  issue = {7825},
  langid = {english},
  annotation = {Bandiera\_abtest: a Cc\_license\_type: cc\_by Cg\_type: Nature Research Journals Primary\_atype: Reviews Subject\_term: Computational neuroscience;Computational science;Computer science;Software;Solar physics Subject\_term\_id: computational-neuroscience;computational-science;computer-science;software;solar-physics}
}

@inproceedings{henriksenCircumventingLinkerUsing2015,
  title = {Circumventing {{The Linker}}: {{Using SciPy}}'s {{BLAS}} and {{LAPACK Within Cython}}},
  shorttitle = {Circumventing {{The Linker}}},
  author = {Henriksen, Ian},
  date = {2015},
  pages = {48--50},
  location = {{Austin, Texas}},
  doi = {10.25080/Majora-7b98e3ed-008},
  url = {https://conference.scipy.org/proceedings/scipy2015/ian_henriksen.html},
  urldate = {2023-08-19},
  eventtitle = {Python in {{Science Conference}}}
}

@article{hermesForeignFortranDocumentation,
  title = {Foreign {{Fortran Documentation}}},
  author = {Hermes, Danny},
  pages = {37},
  langid = {english}
}

@article{huangfuParallelizingDualRevised2018,
  title = {Parallelizing the Dual Revised Simplex Method},
  author = {Huangfu, Q. and Hall, J. A. J.},
  date = {2018-03-01},
  journaltitle = {Mathematical Programming Computation},
  shortjournal = {Math. Prog. Comp.},
  volume = {10},
  number = {1},
  pages = {119--142},
  issn = {1867-2957},
  doi = {10.1007/s12532-017-0130-5},
  url = {https://doi.org/10.1007/s12532-017-0130-5},
  urldate = {2023-06-02},
  langid = {english}
}

@article{johnsonAutomatedFortranBindings2020,
  title = {Automated {{Fortran}}–{{C}}++ {{Bindings}} for {{Large-Scale Scientific Applications}}},
  author = {Johnson, Seth R. and Prokopenko, Andrey and Evans, Katherine J.},
  date = {2020-09},
  journaltitle = {Computing in Science Engineering},
  volume = {22},
  number = {5},
  pages = {84--94},
  issn = {1558-366X},
  doi = {10.1109/MCSE.2019.2924204},
  eventtitle = {Computing in {{Science Engineering}}}
}

@book{jonesUnderstandingProgrammingLanguages2020,
  title = {Understanding {{Programming Languages}}},
  author = {Jones, Cliff B.},
  date = {2020},
  publisher = {{Springer International Publishing}},
  location = {{Cham}},
  doi = {10.1007/978-3-030-59257-8},
  url = {http://link.springer.com/10.1007/978-3-030-59257-8},
  urldate = {2021-10-01},
  isbn = {978-3-030-59256-1 978-3-030-59257-8},
  langid = {english}
}

@article{kahanIEEEStandard7541997a,
  title = {{{IEEE Standard}} 754 for {{Binary Floating-Point Arithmetic}}},
  author = {Kahan, W},
  date = {1997},
  pages = {30},
  langid = {english}
}

@article{kedwardStateFortran2022,
  title = {The {{State}} of {{Fortran}}},
  author = {Kedward, Laurence J. and Aradi, Bálint and Čertík, Ondřej and Curcic, Milan and Ehlert, Sebastian and Engel, Philipp and Goswami, Rohit and Hirsch, Michael and Lozada-Blanco, Asdrubal and Magnin, Vincent and Markus, Arjen and Pagone, Emanuele and Pribec, Ivan and Richardson, Brad and Snyder, Harris and Urban, John and Vandenplas, Jérémie},
  date = {2022-03},
  journaltitle = {Computing in Science \& Engineering},
  volume = {24},
  number = {2},
  pages = {63--72},
  issn = {1558-366X},
  doi = {10.1109/MCSE.2022.3159862},
  eventtitle = {Computing in {{Science}} \& {{Engineering}}}
}

@inproceedings{kellWereMeantEndurance2017,
  title = {Some Were Meant for {{C}}: The Endurance of an Unmanageable Language},
  shorttitle = {Some Were Meant for {{C}}},
  booktitle = {Proceedings of the 2017 {{ACM SIGPLAN International Symposium}} on {{New Ideas}}, {{New Paradigms}}, and {{Reflections}} on {{Programming}} and {{Software}}},
  author = {Kell, Stephen},
  date = {2017-10-25},
  series = {Onward! 2017},
  pages = {229--245},
  publisher = {{Association for Computing Machinery}},
  location = {{New York, NY, USA}},
  doi = {10.1145/3133850.3133867},
  url = {https://doi.org/10.1145/3133850.3133867},
  urldate = {2021-10-01},
  isbn = {978-1-4503-5530-8}
}

@article{kermodeF90wrapAutomatedTool2020,
  title = {F90wrap: An Automated Tool for Constructing Deep {{Python}} Interfaces to Modern {{Fortran}} Codes},
  shorttitle = {F90wrap},
  author = {Kermode, James R.},
  date = {2020-05},
  journaltitle = {Journal of Physics: Condensed Matter},
  shortjournal = {J. Phys.: Condens. Matter},
  volume = {32},
  number = {30},
  pages = {305901},
  publisher = {{IOP Publishing}},
  issn = {0953-8984},
  doi = {10.1088/1361-648X/ab82d2},
  url = {https://doi.org/10.1088/1361-648x/ab82d2},
  urldate = {2021-10-01},
  langid = {english}
}

@online{kreutz-delgadoComplexGradientOperator2009,
  title = {The {{Complex Gradient Operator}} and the {{CR-Calculus}}},
  author = {Kreutz-Delgado, Ken},
  date = {2009-06-25},
  eprint = {0906.4835},
  eprinttype = {arxiv},
  eprintclass = {math},
  url = {http://arxiv.org/abs/0906.4835},
  urldate = {2022-08-14},
  pubstate = {preprint}
}

@article{liPyTorchDistributedExperiences2020,
  title = {{{PyTorch}} Distributed: Experiences on Accelerating Data Parallel Training},
  shorttitle = {{{PyTorch}} Distributed},
  author = {Li, Shen and Zhao, Yanli and Varma, Rohan and Salpekar, Omkar and Noordhuis, Pieter and Li, Teng and Paszke, Adam and Smith, Jeff and Vaughan, Brian and Damania, Pritam and Chintala, Soumith},
  date = {2020-08},
  journaltitle = {Proceedings of the VLDB Endowment},
  shortjournal = {Proc. VLDB Endow.},
  volume = {13},
  number = {12},
  pages = {3005--3018},
  issn = {2150-8097},
  doi = {10.14778/3415478.3415530},
  url = {https://dl.acm.org/doi/10.14778/3415478.3415530},
  urldate = {2022-01-17},
  langid = {english}
}

@article{maleyFormalSpecificationAbstract1996,
  title = {The Formal Specification of Abstract Data Types and Their Implementation in {{Fortran}} 90: Implementation Issues Concerning the Use of Pointers},
  shorttitle = {The Formal Specification of Abstract Data Types and Their Implementation in {{Fortran}} 90},
  author = {Maley, D. and Kilpatrick, P. L. and Schreiner, E. W. and Scott, N. S. and Diercksen, G. H. F.},
  date = {1996-10-01},
  journaltitle = {Computer Physics Communications},
  shortjournal = {Computer Physics Communications},
  volume = {98},
  number = {1},
  pages = {167--180},
  issn = {0010-4655},
  doi = {10.1016/0010-4655(96)00093-8},
  url = {https://www.sciencedirect.com/science/article/pii/0010465596000938},
  urldate = {2021-10-01},
  langid = {english}
}

@article{margossianReviewAutomaticDifferentiation2019,
  title = {A {{Review}} of Automatic Differentiation and Its Efficient Implementation},
  author = {Margossian, Charles C.},
  date = {2019-07},
  journaltitle = {WIREs Data Mining and Knowledge Discovery},
  shortjournal = {WIREs Data Mining Knowl Discov},
  volume = {9},
  number = {4},
  eprint = {1811.05031},
  eprinttype = {arxiv},
  issn = {1942-4787, 1942-4795},
  doi = {10.1002/WIDM.1305},
  url = {http://arxiv.org/abs/1811.05031},
  urldate = {2022-03-20},
  langid = {english}
}

@article{matsudaApplicativeBidirectionalProgramming2018,
  title = {Applicative Bidirectional Programming: {{Mixing}} Lenses and Semantic Bidirectionalization},
  shorttitle = {Applicative Bidirectional Programming},
  author = {Matsuda, Kazutaka and Wang, Meng},
  date = {2018},
  journaltitle = {Journal of Functional Programming},
  shortjournal = {J. Funct. Prog.},
  volume = {28},
  pages = {e15},
  issn = {0956-7968, 1469-7653},
  doi = {10.1017/S0956796818000096},
  url = {https://www.cambridge.org/core/product/identifier/S0956796818000096/type/journal_article},
  urldate = {2022-03-21},
  langid = {english}
}

@inproceedings{merrienboerAutomaticDifferentiationML2018,
  title = {Automatic Differentiation in {{ML}}: Where We Are and Where We Should Be Going},
  shorttitle = {Automatic Differentiation in {{ML}}},
  booktitle = {Proceedings of the 32nd {{International Conference}} on {{Neural Information Processing Systems}}},
  author = {family=Merriënboer, given=Bart, prefix=van, useprefix=false and Breuleux, Olivier and Bergeron, Arnaud and Lamblin, Pascal},
  date = {2018-12-03},
  series = {{{NIPS}}'18},
  pages = {8771--8781},
  publisher = {{Curran Associates Inc.}},
  location = {{Red Hook, NY, USA}}
}

@book{metcalfModernFortranExplained2018,
  title = {Modern {{Fortran}} Explained: Incorporating {{Fortran}} 2018},
  shorttitle = {Modern {{Fortran}} Explained},
  author = {Metcalf, Michael and Reid, John Ker and Cohen, Malcolm},
  date = {2018},
  series = {Numerical Mathematics and Scientific Computation},
  publisher = {{Oxford University Press}},
  location = {{Oxford [England]}},
  isbn = {978-0-19-881189-3 978-0-19-881188-6},
  pagetotal = {522}
}

@article{morleyMeasuresModelPerformance2018,
  title = {Measures of {{Model Performance Based On}} the {{Log Accuracy Ratio}}},
  author = {Morley, S. K. and Brito, T. V. and Welling, D. T.},
  date = {2018-01},
  journaltitle = {Space Weather},
  shortjournal = {Space Weather},
  volume = {16},
  number = {1},
  pages = {69--88},
  issn = {1542-7390, 1542-7390},
  doi = {10.1002/2017SW001669},
  url = {https://onlinelibrary.wiley.com/doi/10.1002/2017SW001669},
  urldate = {2022-12-07},
  langid = {english}
}

@inproceedings{muellerSparseTensorTranspositions2020,
  title = {Sparse {{Tensor Transpositions}}},
  booktitle = {Proceedings of the 32nd {{ACM Symposium}} on {{Parallelism}} in {{Algorithms}} and {{Architectures}}},
  author = {Mueller, Suzanne and Ahrens, Peter and Chou, Stephen and Kjolstad, Fredrik and Amarasinghe, Saman},
  date = {2020-07-06},
  pages = {559--561},
  publisher = {{ACM}},
  location = {{Virtual Event USA}},
  doi = {10.1145/3350755.3400245},
  url = {https://dl.acm.org/doi/10.1145/3350755.3400245},
  urldate = {2022-02-22},
  eventtitle = {{{SPAA}} '20: 32nd {{ACM Symposium}} on {{Parallelism}} in {{Algorithms}} and {{Architectures}}},
  isbn = {978-1-4503-6935-0},
  langid = {english}
}

@article{okutaCuPyNumPyCompatibleLibrary,
  title = {{{CuPy}}: {{A NumPy-Compatible Library}} for {{NVIDIA GPU Calculations}}},
  author = {Okuta, Ryosuke and Unno, Yuya and Nishino, Daisuke and Hido, Shohei and Loomis, Crissman},
  pages = {7},
  langid = {english}
}

@article{paszkeAutomaticDifferentiationPyTorcha,
  title = {Automatic Differentiation in {{PyTorch}}},
  author = {Paszke, Adam and Gross, Sam and Chintala, Soumith and Chanan, Gregory and Yang, Edward and DeVito, Zachary and Lin, Zeming and Desmaison, Alban and Antiga, Luca and Lerer, Adam},
  pages = {4},
  langid = {english}
}

@article{paszkePyTorchImperativeStyle,
  title = {{{PyTorch}}: {{An Imperative Style}}, {{High-Performance Deep Learning Library}}},
  author = {Paszke, Adam and Gross, Sam and Massa, Francisco and Lerer, Adam and Bradbury, James and Chanan, Gregory and Killeen, Trevor and Lin, Zeming and Gimelshein, Natalia and Antiga, Luca and Desmaison, Alban and Kopf, Andreas and Yang, Edward and DeVito, Zachary and Raison, Martin and Tejani, Alykhan and Chilamkurthy, Sasank and Steiner, Benoit and Fang, Lu and Bai, Junjie and Chintala, Soumith},
  pages = {12},
  langid = {english}
}

@article{petersonF2PYToolConnecting2009,
  title = {{{F2PY}}: A Tool for Connecting {{Fortran}} and {{Python}} Programs},
  shorttitle = {{{F2PY}}},
  author = {Peterson, Pearu},
  date = {2009},
  journaltitle = {International Journal of Computational Science and Engineering},
  shortjournal = {IJCSE},
  volume = {4},
  number = {4},
  pages = {296},
  issn = {1742-7185, 1742-7193},
  doi = {10.1504/IJCSE.2009.029165},
  url = {http://www.inderscience.com/link.php?id=29165},
  urldate = {2021-08-30},
  langid = {english}
}

@article{pickeringProfunctorOpticsModular2017,
  title = {Profunctor {{Optics}}: {{Modular Data Accessors}}},
  shorttitle = {Profunctor {{Optics}}},
  author = {Pickering, Matthew and Gibbons, Jeremy and Wu, Nicolas},
  date = {2017-04-01},
  journaltitle = {The Art, Science, and Engineering of Programming},
  shortjournal = {Programming},
  volume = {1},
  number = {2},
  pages = {7},
  issn = {2473-7321},
  doi = {10.22152/programming-journal.org/2017/1/7},
  url = {http://programming-journal.org/2017/1/7},
  urldate = {2022-03-21},
  langid = {english}
}

@article{pletzerExposingFortranDerived2008,
  title = {Exposing {{Fortran Derived Types}} to {{C}} and {{Other Languages}}},
  author = {Pletzer, Alexander and McCune, Douglas and Muszala, Stefan and Vadlamani, Srinath and Kruger, Scott},
  date = {2008-07},
  journaltitle = {Computing in Science Engineering},
  volume = {10},
  number = {4},
  pages = {86--92},
  issn = {1558-366X},
  doi = {10.1109/MCSE.2008.94},
  eventtitle = {Computing in {{Science Engineering}}}
}

@online{puyDiscrepancyMeasuresSensitivity2023,
  title = {Discrepancy Measures for Sensitivity Analysis},
  author = {Puy, Arnald and Roy, Pamphile T. and Saltelli, Andrea},
  date = {2023-03-17},
  eprint = {2206.13470},
  eprinttype = {arxiv},
  eprintclass = {stat},
  doi = {10.48550/arXiv.2206.13470},
  url = {http://arxiv.org/abs/2206.13470},
  urldate = {2023-07-29},
  pubstate = {preprint}
}

@article{rasmussenBridgingLanguageGap2006,
  title = {Bridging the Language Gap in Scientific Computing: The {{Chasm}} Approach},
  shorttitle = {Bridging the Language Gap in Scientific Computing},
  author = {Rasmussen, C. E. and Sottile, M. J. and Shende, S. S. and Malony, A. D.},
  date = {2006-02},
  journaltitle = {Concurrency and Computation: Practice and Experience},
  shortjournal = {Concurrency Computat.: Pract. Exper.},
  volume = {18},
  number = {2},
  pages = {151--162},
  issn = {1532-0626, 1532-0634},
  doi = {10.1002/cpe.909},
  url = {https://onlinelibrary.wiley.com/doi/10.1002/cpe.909},
  urldate = {2021-09-27},
  langid = {english}
}

@article{reidNewFeaturesFortran2003,
  title = {The {{New Features}} of {{Fortran}} 2003},
  author = {Reid, John},
  date = {2003},
  pages = {38},
  url = {https://wg5-fortran.org/N1551-N1600/N1579.pdf},
  langid = {english}
}

@article{reidNewFeaturesFortran2018,
  title = {The New Features of {{Fortran}} 2018},
  author = {Reid, John},
  date = {2018},
  doi = {10.1145/3206214.3206215},
  langid = {english}
}

@article{reidNewFeaturesFortran2023,
  title = {The New Features of {{Fortran}} 202x},
  author = {Reid, John},
  date = {2023},
  langid = {english}
}

@article{royQuasiMonteCarloMethods2023,
  title = {Quasi-{{Monte Carlo Methods}} in {{Python}}},
  author = {Roy, Pamphile T. and Owen, Art B. and Balandat, Maximilian and Haberland, Matt},
  date = {2023-04-23},
  journaltitle = {Journal of Open Source Software},
  volume = {8},
  number = {84},
  pages = {5309},
  issn = {2475-9066},
  doi = {10.21105/joss.05309},
  url = {https://joss.theoj.org/papers/10.21105/joss.05309},
  urldate = {2023-07-29},
  langid = {english}
}

@article{rumelhartLearningRepresentationsBackpropagating1986a,
  title = {Learning Representations by Back-Propagating Errors},
  author = {Rumelhart, David E. and Hinton, Geoffrey E. and Williams, Ronald J.},
  date = {1986-10},
  journaltitle = {Nature},
  volume = {323},
  number = {6088},
  pages = {533--536},
  publisher = {{Nature Publishing Group}},
  issn = {1476-4687},
  doi = {10.1038/323533a0},
  url = {https://www.nature.com/articles/323533a0},
  urldate = {2022-03-20},
  issue = {6088},
  langid = {english}
}

@article{schmidtDescendingCrowdedValley2020,
  title = {Descending through a {{Crowded Valley}} - {{Benchmarking Deep Learning Optimizers}}},
  author = {Schmidt, Robin M. and Schneider, Frank and Hennig, Philipp},
  date = {2020-07-03},
  url = {https://arxiv.org/abs/2007.01547v6},
  urldate = {2022-01-17},
  langid = {english}
}

@inproceedings{simecekSpaceEfficientKdTreeBased2020,
  title = {Space-{{Efficient}} k-d {{Tree-Based Storage Format}} for {{Sparse Tensors}}},
  booktitle = {Proceedings of the 29th {{International Symposium}} on {{High-Performance Parallel}} and {{Distributed Computing}}},
  author = {Šimeček, Ivan and Kozický, Claudio and Langr, Daniel and Tvrdík, Pavel},
  date = {2020-06-23},
  series = {{{HPDC}} '20},
  pages = {29--33},
  publisher = {{Association for Computing Machinery}},
  location = {{New York, NY, USA}},
  doi = {10.1145/3369583.3392692},
  url = {https://doi.org/10.1145/3369583.3392692},
  urldate = {2022-01-16},
  isbn = {978-1-4503-7052-3}
}

@report{StandardISOIEC2011,
  type = {Programming languages -- C},
  title = {C {{Standard ISO}}/{{IEC}} 9899:201x},
  date = {2011},
  url = {http://www.open-std.org/jtc1/sc22/wg14/www/docs/n1570.pdf},
  urldate = {2021-10-04}
}

@article{tehraniBeanMachineDeclarative,
  title = {Bean {{Machine}}: {{A Declarative Probabilistic Programming Language For Efﬁcient Programmable Inference}}},
  author = {Tehrani, Nazanin and Arora, Nimar S and Li, Yucen Lily and Shah, Kinjal Divesh and Noursi, David and Tingley, Michael and Torabi, Narjes and Masouleh, Sepehr and Lippert, Eric and Meijer, Erik and Com, Fb and Com, Fb and Com, Fb and Com, Fb and Com, Fb and Com, Fb and Com, Fb and Com, Fb and Com, Fb and Com, Fb},
  pages = {12},
  langid = {english}
}

@article{vasilacheNext700Accelerated2019,
  title = {The {{Next}} 700 {{Accelerated Layers}}: {{From Mathematical Expressions}} of {{Network Computation Graphs}} to {{Accelerated GPU Kernels}}, {{Automatically}}},
  shorttitle = {The {{Next}} 700 {{Accelerated Layers}}},
  author = {Vasilache, Nicolas and Zinenko, Oleksandr and Theodoridis, Theodoros and Goyal, Priya and Devito, Zachary and Moses, William S. and Verdoolaege, Sven and Adams, Andrew and Cohen, Albert},
  date = {2019-10-11},
  journaltitle = {ACM Transactions on Architecture and Code Optimization},
  shortjournal = {ACM Trans. Archit. Code Optim.},
  volume = {16},
  number = {4},
  pages = {38:1--38:26},
  issn = {1544-3566},
  doi = {10.1145/3355606},
  url = {https://doi.org/10.1145/3355606},
  urldate = {2022-03-14}
}

@article{virtanenSciPyFundamentalAlgorithms2020,
  title = {{{SciPy}} 1.0: Fundamental Algorithms for Scientific Computing in {{Python}}},
  shorttitle = {{{SciPy}} 1.0},
  author = {Virtanen, Pauli and Gommers, Ralf and Oliphant, Travis E. and Haberland, Matt and Reddy, Tyler and Cournapeau, David and Burovski, Evgeni and Peterson, Pearu and Weckesser, Warren and Bright, Jonathan and family=Walt, given=Stéfan J., prefix=van der, useprefix=true and Brett, Matthew and Wilson, Joshua and Millman, K. Jarrod and Mayorov, Nikolay and Nelson, Andrew R. J. and Jones, Eric and Kern, Robert and Larson, Eric and Carey, C. J. and Polat, İlhan and Feng, Yu and Moore, Eric W. and VanderPlas, Jake and Laxalde, Denis and Perktold, Josef and Cimrman, Robert and Henriksen, Ian and Quintero, E. A. and Harris, Charles R. and Archibald, Anne M. and Ribeiro, Antônio H. and Pedregosa, Fabian and family=Mulbregt, given=Paul, prefix=van, useprefix=true},
  date = {2020-03},
  journaltitle = {Nature Methods},
  shortjournal = {Nat Methods},
  volume = {17},
  number = {3},
  pages = {261--272},
  publisher = {{Nature Publishing Group}},
  issn = {1548-7105},
  doi = {10.1038/s41592-019-0686-2},
  url = {https://www.nature.com/articles/s41592-019-0686-2},
  urldate = {2021-07-13},
  issue = {3},
  langid = {english},
  annotation = {Bandiera\_abtest: a Cc\_license\_type: cc\_by Cg\_type: Nature Research Journals Primary\_atype: Reviews Subject\_term: Biophysical chemistry;Computational biology and bioinformatics;Technology Subject\_term\_id: biophysical-chemistry;computational-biology-and-bioinformatics;technology}
}

@unpublished{vogelsPowerSGDPracticalLowRank2020,
  title = {{{PowerSGD}}: {{Practical Low-Rank Gradient Compression}} for {{Distributed Optimization}}},
  shorttitle = {{{PowerSGD}}},
  author = {Vogels, Thijs and Karimireddy, Sai Praneeth and Jaggi, Martin},
  date = {2020-02-18},
  eprint = {1905.13727},
  eprinttype = {arxiv},
  eprintclass = {cs, math, stat},
  url = {http://arxiv.org/abs/1905.13727},
  urldate = {2022-01-23}
}

@article{wrightInteriorpointRevolutionOptimization2005,
  title = {The Interior-Point Revolution in Optimization: {{History}}, Recent Developments, and Lasting Consequences},
  shorttitle = {The Interior-Point Revolution in Optimization},
  author = {Wright, Margaret},
  date = {2005},
  journaltitle = {Bulletin of the American Mathematical Society},
  shortjournal = {Bull. Amer. Math. Soc.},
  volume = {42},
  number = {1},
  pages = {39--56},
  issn = {0273-0979, 1088-9485},
  doi = {10.1090/S0273-0979-04-01040-7},
  url = {https://www.ams.org/bull/2005-42-01/S0273-0979-04-01040-7/},
  urldate = {2023-08-09},
  langid = {english}
}

@article{yaoEstimatingNumberChangepoints1988,
  title = {Estimating the Number of Change-Points via {{Schwarz}}' Criterion},
  author = {Yao, Yi-Ching},
  date = {1988-02},
  journaltitle = {Statistics \& Probability Letters},
  shortjournal = {Statistics \& Probability Letters},
  volume = {6},
  number = {3},
  pages = {181--189},
  issn = {01677152},
  doi = {10.1016/0167-7152(88)90118-6},
  url = {https://linkinghub.elsevier.com/retrieve/pii/0167715288901186},
  urldate = {2022-12-07},
  langid = {english}
}
