@online{ManagingEnvironmentsUsing2022,
  title = {Managing {{R}} Environments Using Conda},
  date = {2022-04-08T17:23:15+00:00},
  url = {https://andrewpwheeler.com/2022/04/08/managing-r-environments-using-conda/},
  urldate = {2023-08-21},
  langid = {english},
  organization = {{Andrew Wheeler}}
}

@online{PowerManagementArchWiki,
  title = {Power Management - {{ArchWiki}}},
  url = {https://wiki.archlinux.org/title/Power_management#Power_management},
  urldate = {2023-08-16}
}

@article{reidNewFeaturesFortran2003,
  title = {The {{New Features}} of {{Fortran}} 2003},
  author = {Reid, John},
  date = {2003},
  pages = {38},
  url = {https://wg5-fortran.org/N1551-N1600/N1579.pdf},
  langid = {english}
}

@software{sturmRunningRstudioServer2023,
  title = {Running {{Rstudio Server}} in a {{Conda Environment}}},
  author = {Sturm, Gregor},
  date = {2023-08-21T05:02:44Z},
  origdate = {2019-07-05T14:31:11Z},
  url = {https://github.com/grst/rstudio-server-conda},
  urldate = {2023-08-21}
}
