@software{communityTuringWayHandbook2019,
  title = {The {{Turing Way}}: {{A Handbook}} for {{Reproducible Data Science}}},
  shorttitle = {The {{Turing Way}}},
  author = {Community, The Turing Way and Arnold, Becky and Bowler, Louise and Gibson, Sarah and Herterich, Patricia and Higman, Rosie and Krystalli, Anna and Morley, Alexander and O'Reilly, Martin and Whitaker, Kirstie},
  date = {2019-03-25},
  url = {https://doi.org/10.5281/zenodo.3233986},
  urldate = {2020-09-20},
  organization = {Zenodo},
  version = {v0.0.4},
  annotation = {00000}
}

@article{daviesEffectiveImplementationGaussian,
  title = {Effective Implementation of {{Gaussian}} Process Regression for Machine Learning},
  author = {Davies, Alexander},
  langid = {english}
}

@article{martinsReviewUnificationMethods2013,
  title = {Review and {{Unification}} of {{Methods}} for {{Computing Derivatives}} of {{Multidisciplinary Computational Models}}},
  author = {Martins, Joaquim R. R. A. and Hwang, John T.},
  date = {2013},
  journaltitle = {AIAA Journal},
  volume = {51},
  number = {11},
  pages = {2582--2599},
  publisher = {{American Institute of Aeronautics and Astronautics}},
  issn = {0001-1452},
  doi = {10.2514/1.J052184},
  url = {https://doi.org/10.2514/1.J052184},
  urldate = {2023-10-10}
}

@article{riddersAccurateComputation1982,
  title = {Accurate Computation of {{F}}′(x) and {{F}}′(x) {{F}}″(x)},
  author = {Ridders, C. J. F.},
  date = {1982-04-01},
  journaltitle = {Advances in Engineering Software (1978)},
  shortjournal = {Advances in Engineering Software (1978)},
  volume = {4},
  number = {2},
  pages = {75--76},
  issn = {0141-1195},
  doi = {10.1016/S0141-1195(82)80057-0},
  url = {https://www.sciencedirect.com/science/article/pii/S0141119582800570},
  urldate = {2023-11-06}
}

@article{seniorImprovedProteinStructure2020,
  title = {Improved Protein Structure Prediction Using Potentials from Deep Learning},
  author = {Senior, Andrew W. and Evans, Richard and Jumper, John and Kirkpatrick, James and Sifre, Laurent and Green, Tim and Qin, Chongli and Žídek, Augustin and Nelson, Alexander W. R. and Bridgland, Alex and Penedones, Hugo and Petersen, Stig and Simonyan, Karen and Crossan, Steve and Kohli, Pushmeet and Jones, David T. and Silver, David and Kavukcuoglu, Koray and Hassabis, Demis},
  date = {2020-01},
  journaltitle = {Nature},
  volume = {577},
  number = {7792},
  pages = {706--710},
  publisher = {Nature Publishing Group},
  issn = {1476-4687},
  doi = {10.1038/s41586-019-1923-7},
  url = {https://www.nature.com/articles/s41586-019-1923-7},
  urldate = {2020-03-22},
  issue = {7792},
  langid = {english}
}

@article{squireUsingComplexVariables1998,
  title = {Using {{Complex Variables}} to {{Estimate Derivatives}} of {{Real Functions}}},
  author = {Squire, William and Trapp, George},
  date = {1998-01},
  journaltitle = {SIAM Review},
  shortjournal = {SIAM Rev.},
  volume = {40},
  number = {1},
  pages = {110--112},
  publisher = {{Society for Industrial and Applied Mathematics}},
  issn = {0036-1445},
  doi = {10.1137/S003614459631241X},
  url = {https://epubs.siam.org/doi/10.1137/S003614459631241X},
  urldate = {2023-10-10}
}

@article{torrisiDeepLearningMethods2020,
  title = {Deep Learning Methods in Protein Structure Prediction},
  author = {Torrisi, Mirko and Pollastri, Gianluca and Le, Quan},
  date = {2020},
  journaltitle = {Computational and Structural Biotechnology Journal},
  shortjournal = {Computational and Structural Biotechnology Journal},
  volume = {18},
  pages = {1301--1310},
  issn = {20010370},
  doi = {10.1016/j.csbj.2019.12.011},
  url = {https://linkinghub.elsevier.com/retrieve/pii/S2001037019304441},
  urldate = {2024-03-03},
  langid = {english}
}
